@Article{Jain2004,
  Title                    = {{A}n {I}ntroduction to {B}iometric {R}ecognition},
  Author                   = {Jain, Anil and Ross, Arun and Prbhakar, Salil},
  Journal                  = {Transactions on Circuits and Systems for Video Technology},
    Publisher             = {IEEE},
  Year                     = {2004},
  Number                   = {1},
  Pages                    = {4--20},
  Volume                   = {14}
}

@book{Jain2011,
  title={{I}ntroduction to biometrics},
  author={Jain, Anil and Ross, Arun and Nandakumar, Karthik},
  year={2011},
  publisher={Springer Science \& Business Media}
}

@article{neurocomputing4,
  title={{N}earest orthogonal matrix representation for face recognition},
  author={Zhang, Jian and Yang, Jian and Qian, Jianjun and Xu, Jiawei},
  journal={Neurocomputing},
  volume={151},
  pages={471--480},
  year={2015},
  publisher={Elsevier}
}
@article{neurocomputing5,
  title={{A comparative study on local binary pattern (LBP) based face recognition: LBP histogram versus LBP image}},
  author={Yang, Bo and Chen, Songcan},
  journal={Neurocomputing},
  volume={120},
  pages={365--379},
  year={2013},
  publisher={Elsevier}
}
@article{neuro2008,
  title={A comprehensive review of current local features for computer vision},
  author={Li, Jing and Allinson, Nigel M},
  journal={Neurocomputing},
  volume={71},
  number={10},
  pages={1771--1787},
  year={2008},
  publisher={Elsevier}
}
@article{neuro2013,
  title={An online learning network for biometric scores fusion},
  author={Kim, Youngsung and Toh, Kar-Ann and Teoh, Andrew Beng Jin and Eng, How-Lung and Yau, Wei-Yun},
  journal={Neurocomputing},
  volume={102},
  pages={65--77},
  year={2013},
  publisher={Elsevier}
}